@article{einstein,
    author =       "Albert Einstein",
    title =        "{Zur Elektrodynamik bewegter K{\"o}rper}. ({German})
        [{On} the electrodynamics of moving bodies]",
    journal =      "Annalen der Physik",
    volume =       "322",
    number =       "10",
    pages =        "891--921",
    year =         "1905",
    DOI =          "http://dx.doi.org/10.1002/andp.19053221004"
}

@book{latexcompanion,
    author    = "Michel Goossens and Frank Mittelbach and Alexander Samarin",
    title     = "The \LaTeX\ Companion",
    year      = "1993",
    publisher = "Addison-Wesley",
    address   = "Reading, Massachusetts"
}

@misc{knuthwebsite,
    author    = "Donald Knuth",
    title     = "Knuth: Computers and Typesetting",
    url       = "http://www-cs-faculty.stanford.edu/\~{}uno/abcde.html"
}

@misc{neovseth,
  title={NEO versus Ethereum: Why NEO might be 2018’s strongest cryptocurrency – Hackernoon},
  url={https://hackernoon.com/neo-versus-ethereum-why-neo-might-be-2018s-strongest-cryptocurrency-79956138bea3},
  journal={Hackernoon},
  author={Levenson, Noam},
  year={2017},
  month={December},
  note = {Accessed 18 April 2018}
}

@misc{dbtransaction,
  title={Database transaction},
  url={https://en.wikipedia.org/wiki/Database_transaction},
  journal={Wikipedia},
  author={multiple},
  year={2018},
  month={April},
  note = {Accessed 21 Mai 2018}
}

@misc{ba_miner,
  title={Bazo – A Cryptocurrency from Scratch},
  url={https://files.ifi.uzh.ch/CSG/staff/bocek/extern/theses/BA-Livio-Sgier.pdf},
  author={Livio Sgier},
  year={2017},
  month={August},
  note = {Accessed 22 Mai 2018}
}

@misc{ba_wallet,
  title={A Progressive Web App (PWA)-based Mobile Wallet for Bazo},
  url={https://files.ifi.uzh.ch/CSG/staff/bocek/extern/theses/BA-Jan-von-der-Assen.pdf},
  author={Jan von der Assen},
  year={2018},
  month={January},
  note = {Accessed 22 Mai 2018}
}

@misc{ba_explorer,
  title={A Blockchain Explorer for Bazo},
  url={https://files.ifi.uzh.ch/CSG/staff/bocek/extern/theses/BA-Luc-Boillat.pdf},
  author={Luc Boillat},
  year={2018},
  month={January},
  note = {Accessed 22 Mai 2018}
}

@misc{ba_pos,
  title={Proof of Stake for Bazo},
  url={https://files.ifi.uzh.ch/CSG/staff/bocek/extern/theses/BA-Simon-Bachmann.pdf},
  author={Simon Bachmann},
  year={2018},
  month={February},
  note = {Accessed 22 Mai 2018}
}

@misc{ba_client,
  title={Design and Prototypical Implementation of a Mobile Light Client for the Bazo Blockchain},
  url={},
  author={Marc-Alain Chételat},
  year={2018},
  month={March},
  note = {Received on request to Prof. Dr. Thomas Bocek}
}

